<record><leader>00000cas a22000007a 4500</leader><controlfield tag="001">13256889</controlfield><controlfield tag="008">860307c19uu9999txuwr ne      0   a0eng d</controlfield><datafield ind1=" " ind2=" " tag="010"><subfield code="a">sn 86014813 </subfield></datafield><datafield ind1=" " ind2=" " tag="040"><subfield code="a">NSD</subfield><subfield code="b">eng</subfield><subfield code="c">NSD</subfield><subfield code="d">OCLCQ</subfield></datafield><datafield ind1=" " ind2=" " tag="012"><subfield code="m">1</subfield></datafield><datafield ind1="1" ind2=" " tag="022"><subfield code="a">0887-4891</subfield><subfield code="l">0887-4891</subfield><subfield code="2">1</subfield></datafield><datafield ind1=" " ind2=" " tag="032"><subfield code="a">758150</subfield><subfield code="b">USPS</subfield></datafield><datafield ind1=" " ind2=" " tag="037"><subfield code="b">The Woodlands Sun, P.O. Box 7279, The Woodlands, TX 77387</subfield></datafield><datafield ind1=" " ind2=" " tag="042"><subfield code="a">nsdp</subfield></datafield><datafield ind1=" " ind2="4" tag="222"><subfield code="a">The Woodlands sun</subfield></datafield><datafield ind1="0" ind2="4" tag="245"><subfield code="a">The Woodlands sun.</subfield></datafield><datafield ind1=" " ind2=" " tag="260"><subfield code="a">The Woodlands, Tex. :</subfield><subfield code="b">Houston Community Newspapers</subfield></datafield><datafield ind1=" " ind2=" " tag="310"><subfield code="a">Weekly</subfield></datafield><datafield ind1=" " ind2=" " tag="588"><subfield code="a">Description based on: 11th year, issue 45 (Wed., Nov. 7, 1984).</subfield></datafield><datafield ind1=" " ind2=" " tag="752"><subfield code="a">United States</subfield><subfield code="b">Texas</subfield><subfield code="c">Montgomery</subfield><subfield code="d">Woodlands.</subfield></datafield><datafield ind1="1" ind2=" " tag="029"><subfield code="a">AU@</subfield><subfield code="b">000025825187</subfield></datafield></record>